<record xmlns='http://www.loc.gov/MARC21/slim'><leader>00884cas a22002778a 4500</leader><controlfield tag='001'>4461315</controlfield><controlfield tag='005'>20050407140747.0</controlfield><controlfield tag='008'>040805c20059999ohuar0   r    0    0eng c</controlfield><datafield ind1=' ' ind2=' ' tag='010'><subfield code='a'>  2004213237</subfield></datafield><datafield ind1='0' ind2=' ' tag='022'><subfield code='a'>1551-742X</subfield></datafield><datafield ind1=' ' ind2=' ' tag='035'><subfield code='a'>(OCoLC)56097723</subfield></datafield><datafield ind1=' ' ind2=' ' tag='035'><subfield code='a'>(CStRLIN)DCLC2004213237-S</subfield></datafield><datafield ind1=' ' ind2=' ' tag='040'><subfield code='a'>NSDP</subfield><subfield code='c'>NSDP</subfield><subfield code='d'>CStRLIN</subfield><subfield code='d'>NjP</subfield></datafield><datafield ind1=' ' ind2=' ' tag='042'><subfield code='a'>msc</subfield></datafield><datafield ind1=' ' ind2=' ' tag='043'><subfield code='a'>n-us-nj</subfield></datafield><datafield ind1='0' ind2=' ' tag='130'><subfield code='a'>Harris New Jersey manufacturers directory (2005)</subfield></datafield><datafield ind1='0' ind2='0' tag='245'><subfield code='a'>Harris New Jersey manufacturers directory.</subfield></datafield><datafield ind1='3' ind2='0' tag='246'><subfield code='a'>New Jersey manufacturers directory</subfield></datafield><datafield ind1=' ' ind2=' ' tag='260'><subfield code='a'>Twinsburg, OH :</subfield><subfield code='b'>Dun &amp; Bradstreet,</subfield><subfield code='c'>2005-</subfield></datafield><datafield ind1=' ' ind2=' ' tag='300'><subfield code='a'>v. ;</subfield><subfield code='c'>29 cm.</subfield></datafield><datafield ind1=' ' ind2=' ' tag='310'><subfield code='a'>Annual</subfield></datafield><datafield ind1='0' ind2=' ' tag='362'><subfield code='a'>2005-</subfield></datafield><datafield ind1=' ' ind2='0' tag='650'><subfield code='a'>Manufacturing industries</subfield><subfield code='z'>New Jersey</subfield><subfield code='v'>Directories.</subfield></datafield><datafield ind1=' ' ind2='0' tag='650'><subfield code='a'>Industries</subfield><subfield code='z'>New Jersey</subfield><subfield code='v'>Directories.</subfield></datafield><datafield ind1='0' ind2='0' tag='780'><subfield code='t'>Official New Jersey manufacturers directory</subfield><subfield code='x'>1086-6299</subfield></datafield><datafield ind1=' ' ind2=' ' tag='902'><subfield code='a'>nb</subfield><subfield code='b'>m</subfield><subfield code='6'>a</subfield><subfield code='7'>s</subfield><subfield code='d'>v</subfield><subfield code='f'>0</subfield><subfield code='e'>20050407</subfield></datafield><datafield ind1='0' ind2=' ' tag='852'><subfield code='0'>4714467</subfield><subfield code='b'>firestone$stacks</subfield><subfield code='h'>HC107.N6</subfield><subfield code='i'>A5</subfield></datafield><datafield ind1=' ' ind2='0' tag='866'><subfield code='0'>4714467</subfield><subfield code='a'>2005-2014</subfield></datafield><datafield ind1=' ' ind2='0' tag='866'><subfield code='0'>4714467</subfield><subfield code='z'>CURRENT VOLUME IN: Trustee Reading Room Reference (DR). Firestone</subfield></datafield><datafield ind1=' ' ind2='0' tag='866'><subfield code='0'>4714467</subfield><subfield code='z'>NEXT TO CURRENT VOLUME IN: Engineering Library (ST)</subfield></datafield><datafield ind1=' ' ind2='0' tag='866'><subfield code='0'>4714467</subfield><subfield code='x'>DESIGNATOR: year</subfield></datafield><datafield ind1='0' ind2=' ' tag='852'><subfield code='0'>4714469</subfield><subfield code='b'>engineer$ref</subfield><subfield code='h'>HC107.N6</subfield><subfield code='i'>A5</subfield><subfield code='x'>tr fr strf</subfield></datafield><datafield ind1=' ' ind2='0' tag='866'><subfield code='0'>4714469</subfield><subfield code='a'>NEXT TO CURRENT VOLUME</subfield></datafield><datafield ind1='0' ind2=' ' tag='852'><subfield code='0'>4714470</subfield><subfield code='b'>firestone$dr</subfield><subfield code='h'>HC107.N6</subfield><subfield code='i'>A5</subfield><subfield code='x'>tr fr sxffi</subfield><subfield code='x'>tr fr sxf</subfield></datafield><datafield ind1=' ' ind2='0' tag='866'><subfield code='0'>4714470</subfield><subfield code='a'>CURRENT VOLUME</subfield></datafield><datafield ind1=' ' ind2=' ' tag='959'><subfield code='a'>2005-02-23 14:30:52 -0500</subfield></datafield></record>